@article{BochetKhannaSiegenthaler2023,
  author = {Bochet, Olivier and Khanna, Manshu and Siegenthaler, Simon},
  title = "{Beyond Dividing the Pie: Multi-Issue Bargaining in the Laboratory}",
  journal = {The Review of Economic Studies},
  volume = {91},
  number = {1},
  pages = {163-191},
  year = {2023},
  month = {03},}



@article{Bolton2016,
  title = {On the influence of hard leverage in a soft leverage bargaining game: The importance of credible claims},
  journal = {Games and Economic Behavior},
  volume = {99},
  pages = {164-179},
  year = {2016},
  doi = {https://doi.org/10.1016/j.geb.2016.08.005},
  author = {Gary E. Bolton and Emin Karagözoğlu},
}

@article{ClippelRozen2022,
  title     = {Fairness through the lens of cooperative game theory: an experimental approach},
  author    = {Clippel, Geoffroy de and Rozen, Kareen},
  journal   = {American Economic Journal: Microeconomics},
  volume    = {14},
  number    = {3},
  pages     = {810--836},
  year      = {2022},
  publisher = {American Economic Association 2014 Broadway, Suite 305, Nashville, TN 37203-2425}
}

@article{Crosonetal2004,
  title={Mergers and Acquisitions: An Experimental Analysis of Synergies, Externalities and Dynamics},
  author={Croson, R. and Gomes, A. and McGinn, K.L. and Nöth, M.},
  journal={Review of Finance},
  volume={8},
  number={4},
  pages={481--514},
  year={2004},
  publisher={Cambridge University Press}
}


@article{Diermeieretal2008,
  author = {Daniel Diermeier and Roderick I. Swaab and Victoria Husted Medvec and Mary C. Kern},
  title ={The Micro-Dynamics of Coalition Formation},
  journal = {Political Research Quarterly},
  volume = {61},
  number = {3},
  pages = {484-501},
  year = {2008},
  doi = {10.1177/1065912908316981},
}

@article{DrouvelisMonteroSefton2010,
title = {Gaining power through enlargement: Strategic foundations and experimental evidence},
journal = {Games and Economic Behavior},
volume = {69},
number = {2},
pages = {274-292},
year = {2010},
issn = {0899-8256},
doi = {https://doi.org/10.1016/j.geb.2009.12.002},
author = {Michalis Drouvelis and Maria Montero and Martin Sefton},
}

@article{EmbreyFrechetteLehrer2015,
 ISSN = {00346527, 1467937X},
 author = {MATTHEW EMBREY and GUILLAUME R. FRÉCHETTE and STEVEN F. LEHRER},
 journal = {The Review of Economic Studies},
 number = {2 (291)},
 pages = {608--631},
 publisher = {[Oxford University Press, The Review of Economic Studies, Ltd.]},
 title = {Bargaining and Reputation: An Experiment on Bargaining in the Presence of Behavioural Types},
 volume = {82},
 year = {2015}
}

@article{FiorinaPlott1978,
  title={Committee decisions under majority rule: An experimental study},
  author={Fiorina, Morris P and Plott, Charles R},
  journal={American Political Science Review},
  volume={72},
  number={2},
  pages={575--598},
  year={1978},
  publisher={Cambridge University Press}
}

@article{Galeottietal2018,
    author = {Galeotti, Fabio and Montero, Maria and Poulsen, Anders},
    title = "{Efficiency Versus Equality in Bargaining}",
    journal = {Journal of the European Economic Association},
    volume = {17},
    number = {6},
    pages = {1941-1970},
    year = {2018},
    month = {08},
}

@article{HossainLyonsSiow2020,
    author = {Hossain, T. and Lyons, E. and Siow, A.},
    title = "{Fairness considerations in joint venture formation}",
    journal = {Experimental Economics},
    volume = {23},
    pages = {632-667},
    year = {2020},
    month = {08},
}

@article{Isonietal2014,
  Author = {Isoni, Andrea and Poulsen, Anders and Sugden, Robert and Tsutsui, Kei},
  Title = {Efficiency, Equality, and Labeling: An Experimental Investigation of Focal Points in Explicit Bargaining},
  Journal = {American Economic Review},
  Volume = {104},
  Number = {10},
  Year = {2014},
  Month = {October},
  Pages = {3256-87}
}

@book{Kalischetal1952,
author="Kalisch, G. and John Willard Milnor and John F. Nash and E. D. Nering",
title="Some Experimental n-Person Games",
year="1952",
doi="",
publisher="RAND Corporation"
}

@article{KaragözoğluRiedl2015,
  author = {Emin Karagözoğlu and Arno Riedl},
  journal = {Management Science},
  number = {11},
  pages = {2611--2626},
  publisher = {INFORMS},
  title = {Performance Information, Production Uncertainty, and Subjective Entitlements in Bargaining},
  volume = {61},
  year = {2015}
}

@article{KomoritaHamiltonKravitz1984,
  title     = {Effects of alternatives in coalition bargaining},
  author    = {Komorita, SS and Hamilton, Thomas P and Kravitz, David A},
  journal   = {Journal of Experimental Social Psychology},
  volume    = {20},
  number    = {2},
  pages     = {116--136},
  year      = {1984},
  publisher = {Elsevier}
}

@article{Leng2023,
  title = {A Rubinstein bargaining experiment in continuous time},
  journal = {Games and Economic Behavior},
  volume = {140},
  pages = {115-131},
  year = {2023},
  author = {Ailin Leng},
}

@article{LeopoldWildburger1992,
  title = {Payoff divisions on coalition formation in a three-person characteristic function experiment},
  journal = {Journal of Economic Behavior & Organization},
  volume = {17},
  number = {1},
  pages = {183--193},
  year = {1992},
  issn = {0167-2681},
  doi = {https://doi.org/10.1016/0167-2681(92)90086-Q},
  author = {Ulrike Leopold-Wildburger},
}

@article{LuhanPoulsenRoos2019,
  title={Money or morality: fairness ideals in unstructured bargaining},
  author={Luhan, W.J. and Poulsen, O. and Roos, M.W.M.},
  year={2019},
  pages = {655--675},
  volume = {53},
  journal={Social Choice and Welfare}, 
  doi = {https://doi.org/10.1007/s00355-019-01206-5},
}

@article{Maschler1965,
  title = {Playing an n-Person Game, an Experiment},
  year = {1965},
  author = {Michael Maschler},
}

@article{Micheneretal1979,
 ISSN = {00220027, 15528766},
 author = {H. Andrew Michener and Melvin M. Sakurai and Kenneth Yuen and Thomas J. Kasen},
 journal = {The Journal of Conflict Resolution},
 number = {1},
 pages = {102--119},
 publisher = {Sage Publications, Inc.},
 title = {A Competitive Test of the M1
               (i) and M1
               (im) Bargaining Sets},
 volume = {23},
 year = {1979}
}

@article{MichenerPotter1981,
  title={Generalizability of tests in n-person sidepayment games},
  author={Michener, H Andrew and Potter, Kathryn},
  journal={Journal of Conflict Resolution},
  pages={733--749},
  year={1981},
  publisher={JSTOR}
}


@article{MitsutsuneTakanori2014,
  title     = {Estimating noncooperative and cooperative models of bargaining: an empirical comparison},
  author    = {Mitsutsune, Masanori and Adachi, Takanori},
  journal   = {Empirical Economics},
  volume    = {47},
  pages     = {669--693},
  year      = {2014},
  publisher = {Springer}
}

@article{MonteroSeftonZhang2008,
  author = {Maria Montero and Martin Sefton and Ping Zhang},
  journal = {Social Choice and Welfare},
  number = {1},
  pages = {69--87},
  publisher = {Springer},
  title = {Enlargement and the balance of power: an experimental study},
  volume = {30},
  year = {2008}
}


@article{MurnighanRoth1977,
  title={The effects of communication and information availability in an experimental study of a three-person game},
  author={Murnighan, J. and Roth, A.},
  journal={Management Science},
  volume={23},
  number={12},
  pages={1336--1348},
  year={1977},
  publisher={INFORMS}
}

@article{MurnighanRoth1978,
  title     = {Large group bargaining in a characteristic function game},
  author    = {Murnighan., J and Roth, A.},
  journal   = {Journal of Conflict Resolution},
  volume    = {22},
  issue = {2},
  pages     = {299–-317},
  year      = {1978}
}

@article{NavarroVeszteg2020,
  title = {On the empirical validity of axioms in unstructured bargaining},
  journal = {Games and Economic Behavior},
  volume = {121},
  pages = {117-145},
  year = {2020},
  author = {Noemí Navarro and Róbert F. Veszteg},
}

@article{NydeggerOwen1974,
  title={Two-person bargaining: An experimental test of the Nash axioms},
  author={Nydegger, R.V. and Owen, G.},
  year={1874},
  pages = {239--249},
  volume = {3},
  journal={International Journal of Game Theory}, 
  doi = {https://doi.org/10.1007/BF01766877},
}

@article{RapoportKahan1976,
  title = {When three is not always two against one: Coalitions in experimental three-person cooperative games},
  journal = {Journal of Experimental Social Psychology},
  volume = {12},
  number = {3},
  pages = {253--273},
  year = {1976},
  issn = {0022-1031},
  doi = {https://doi.org/10.1016/0022-1031(76)90056-1},
  author = {Amnon Rapoport and James P Kahan},
}

@article{RothMalouf1979,
  title={Game-theoretic models and the role of information in bargaining.},
  author={Roth, Alvin E and Malouf, Michael W},
  journal={Psychological review},
  volume={86},
  number={6},
  pages={574},
  year={1979},
  publisher={American Psychological Association}
}

@article{SagiDiermeier2017,
author = {Sagi, Eyal and Diermeier, Daniel},
title = {Language Use and Coalition Formation in Multiparty Negotiations},
journal = {Cognitive Science},
volume = {41},
number = {1},
pages = {259-271},
doi = {https://doi.org/10.1111/cogs.12325},
year = {2017}
}

@article{Schwaninger2022,
  title = {Sharing with the powerless third: Other-regarding preferences in dynamic bargaining},
  journal = {Journal of Economic Behavior & Organization},
  volume = {197},
  pages = {341--355},
  year = {2022},
  issn = {0167-2681},
  doi = {https://doi.org/10.1016/j.jebo.2022.03.002},
  author = {Manuel Schwaninger},
}

@article{ShapleyLloydetal1953,
  title={A value for n-person games},
  author={Shapley, Lloyd S and others},
  year={1953},
  publisher={Princeton University Press Princeton}
}

@article{ShinodaFunaki2022,
  title={The Core and the Equal Division Core in a Three-Person Unstructured Bargaining Experiment: The Weakest Coalition is Ignored},
  author={Shinoda, T. and Funaki, Y.},
  url = {https://ssrn.com/abstract=4291591},
  year={2022},
}

@article{TremewanVanberg2016,
  title={The dynamics of coalition formation--A multilateral bargaining experiment with free timing of moves},
  author={Tremewan, James and Vanberg, Christoph},
  journal={Journal of Economic Behavior \& Organization},
  volume={130},
  pages={33--46},
  year={2016},
  publisher={Elsevier}
}
